<collection xmlns="http://www.loc.gov/MARC21/slim">
<record>
  <leader>01039nam0a22002291i 450 </leader>
  <controlfield tag="001">IT\ICCU\CNCE\051398</controlfield>
  <controlfield tag="005">20040630000000.0</controlfield>
  <datafield tag="100" ind1=" " ind2=" ">
    <subfield code="a">20010104f1530        0itac0103    ba</subfield>
  </datafield>
  <datafield tag="101" ind1=" " ind2=" ">
    <subfield code="a">ITA</subfield>
  </datafield>
  <datafield tag="102" ind1=" " ind2=" ">
    <subfield code="a">IT</subfield>
  </datafield>
  <datafield tag="200" ind1="1" ind2=" ">
    <subfield code="a">Litere scritte al papa Clemente Settimo circa la conuocatione del Concilio</subfield>
  </datafield>
  <datafield tag="210" ind1=" " ind2=" ">
    <subfield code="d">\1530?!</subfield>
  </datafield>
  <datafield tag="215" ind1=" " ind2=" ">
    <subfield code="a">4ʻ</subfield>
  </datafield>
  <datafield tag="300" ind1=" " ind2=" ">
    <subfield code="a">ANNULLATA !!!!!  vedi 45468Stampato a Roma probabilmente nel 1530 da Francesco Minizio Calvo, cfr.: Barberi Francesco, Tipografi Romani del Cinquecento, p. 96</subfield>
  </datafield>
  <datafield tag="620" ind1=" " ind2=" ">
    <subfield code="a">IT</subfield>
    <subfield code="d">Roma</subfield>
  </datafield>
  <datafield tag="700" ind1=" " ind2="0">
    <subfield code="a">Karl</subfield>
    <subfield code="c"> &lt;imperatore</subfield>
    <subfield code="c"> ; 5.&gt;</subfield>
    <subfield code="3">IT\ICCU\CNCA\009868</subfield>
  </datafield>
  <datafield tag="712" ind1="0" ind2="0">
    <subfield code="a">Calvo, Francesco Minizio</subfield>
    <subfield code="3">IT\ICCU\CNCT\000007</subfield>
    <subfield code="4">650</subfield>
  </datafield>
  <datafield tag="790" ind1=" " ind2="0">
    <subfield code="a">Carlo</subfield>
    <subfield code="c"> &lt;imperatore</subfield>
    <subfield code="c"> ; 5.&gt;</subfield>
    <subfield code="3">IT\ICCU\CNCA\019679</subfield>
    <subfield code="z">Karl &lt;imperatore ; 5.&gt;</subfield>
  </datafield>
  <datafield tag="790" ind1=" " ind2="0">
    <subfield code="a">Charles</subfield>
    <subfield code="c"> &lt;imperatore</subfield>
    <subfield code="c"> ; 5.&gt;</subfield>
    <subfield code="3">IT\ICCU\CNCA\019681</subfield>
    <subfield code="z">Karl &lt;imperatore ; 5.&gt;</subfield>
  </datafield>
  <datafield tag="790" ind1=" " ind2="0">
    <subfield code="a">Karel</subfield>
    <subfield code="c"> &lt;imperatore</subfield>
    <subfield code="c"> ; 5.&gt;</subfield>
    <subfield code="3">IT\ICCU\CNCA\019682</subfield>
    <subfield code="z">Karl &lt;imperatore ; 5.&gt;</subfield>
  </datafield>
  <datafield tag="791" ind1="0" ind2="0">
    <subfield code="a">Calvus, Franciscus Minitius</subfield>
    <subfield code="3">IT\ICCU\CNCT\004412</subfield>
    <subfield code="z">Calvo, Francesco Minizio</subfield>
  </datafield>
  <datafield tag="801" ind1=" " ind2="3">
    <subfield code="a">IT</subfield>
    <subfield code="b">ICCU</subfield>
    <subfield code="c">20201115</subfield>
  </datafield>
</record>
</collection>
